@book{szeliski_2011, place={London}, title={Computer Vision: Algorithms and Applications}, publisher={Springer}, author={Szeliski, Richard}, year={2011}}
@book{burger_burge_2016, place={London}, title={Digital image processing: an algorithmic introduction using Java}, publisher={Springer}, author={Burger, Wilhelm and Burge, Mark James.}, year={2016}}
@book{mclaughlin_pollice_west_2010, place={Navi Mumbai}, title={Head first object-oriented analysis and design}, publisher={Shroff Publishers and Distributors Pvt. Ltd.}, author={McLaughlin, Brett and Pollice, Gary and West, David}, year={2010}}
@misc{mace_valveny_loctea_tabbone_2010, author={Sébastien Macé and Peter Dawkins and Hervé Locteau and Salvatore Tabbone}, title={A System to Detect Rooms in Architectural Floor Plan Images}, institution={University of Barcelona & Lorrain de Recherche en Informatique et Ses Applications}, year={2010}}
@misc{ahmed_liwicki_weber_dengel_2012, author={Sheraz Ahmed and Marcus Liwicki and Markus Weber and Andreas Dengel}, title={Automatic Room Detection and Room Labeling from Architectural Floor Plans}, institution={University of Kaiserslautern}, year={2012}}
@misc{kotlin, title={Kotlin Programming Language}, url={https://kotlinlang.org/}, journal={Kotlin}}
@misc{suzuki_abe_1985, author={Satoshi Suzuki and Keiichi Abe}, title={Topological Structural Analysis of Digitized Binary Images by Border Following}, institution={Shizuoka University}, year={1985}}
@misc{rublee_rabaud_konolige_bradski_2011, author={Ethan Rublee and Vincent Rabaud and Kurt Konolige and Gary Bradski}, title={ORB: an efficient alternative to SIFT or SURF}, institution={Willow Garage}, year={2011}}
@misc{ball, title={Train Your Own OpenCV Haar Classifier}, url={http://coding-robin.de/2013/07/22/ train-your-own-opencv-haar-classifier.html}, journal={Coding Robin}, author={Ball, Thorsten}, year={2013}}
@misc{orb,title={ORB with Parameters},url={http://answers.opencv.org/question/76074/ send-parameters-to-orb-feature-detector-android/}}
@misc{sokolova_lapalme_2009, author={Marina Sokolova, Guy Lapalme}, title={A systematic analysis of performance measures for classification tasks}, institution={Electronic Health Information Lab, Children’s Hospital of Eastern Ontario, Ottawa, Canada}, year={2009}}
@misc{distancetransform, title={Fast available options for distance transformation}, url={http://stackoverflow.com/questions/7426136/fastest-available- algorithm-for-distance-transform}}
@misc{viola_jones_2001, author={Paul Viola and Michael Jones}, title={Rapid Object Detection using a Boosted Cascade of Simple Features}, institution={Mitsubishi Electric Research Lab and Compaq CRL}, year={2001}}